%%cv部分
%最重要
@inproceedings{sharma2012blob,
  title={A blob representation for tracking robust to merging and fragmentation},
  author={Sharma, Vinay},
  booktitle={2012 IEEE Workshop on the Applications of Computer Vision (WACV)},
  pages={161--168},
  year={2012},
  organization={IEEE}
}

@article{trackingsurvey,
  title={Object tracking: A survey},
  author={Yilmaz, Alper and Javed, Omar and Shah, Mubarak},
  journal={Acm computing surveys (CSUR)},
  volume={38},
  number={4},
  pages={13--es},
  year={2006},
  publisher={Acm New York, NY, USA}
}

@article{tang2010hybrid,
  title={Hybrid blob and particle filter tracking approach for robust object tracking},
  author={Tang, Sze Ling and Kadim, Zulaikha and Liang, Kim Meng and Lim, Mei Kuan},
  journal={Procedia Computer Science},
  volume={1},
  number={1},
  pages={2549--2557},
  year={2010},
  publisher={Elsevier}
}

@article{kalmanfilter,
  title={An introduction to the Kalman filter},
  author={Welch, Greg and Bishop, Gary and others},
  year={1995},
  publisher={Chapel Hill, NC, USA}
}
@inproceedings{summedareatables,
  title={Fast algorithm using summed area tables with unified layer performing convolution and average pooling},
  author={Kasagi, Akihiko and Tabaru, Tsuguchika and Tamura, Hirotaka},
  booktitle={2017 IEEE 27th International Workshop on Machine Learning for Signal Processing (MLSP)},
  pages={1--6},
  year={2017},
  organization={IEEE}
}
@inproceedings{bailey2004efficient,
  title={An efficient euclidean distance transform},
  author={Bailey, Donald G},
  booktitle={International workshop on combinatorial image analysis},
  pages={394--408},
  year={2004},
  organization={Springer}
}
@inproceedings{lee1996chessboard,
  title={The chessboard distance transform and the medial axis transform are interchangeable},
  author={Lee, Yu-Hua and Horng, Shi-Jinn},
  booktitle={Proceedings of International Conference on Parallel Processing},
  pages={424--428},
  year={1996},
  organization={IEEE}
}
@article{butt1998optimum,
  title={Optimum design of chamfer distance transforms},
  author={Butt, M Akmal and Maragos, Petros},
  journal={IEEE Transactions on Image Processing},
  volume={7},
  number={10},
  pages={1477--1484},
  year={1998},
  publisher={IEEE}
}
