@online{irisys,
  author = {IRISYS LLC},
  title = {Irisys True Occupancy},
  year = 2021,
  url = {https://www.irisys.net/products},
  urldate = {2021-8-21}
}

@online{flir,
  author = {TELEDYNE FLIR},
  title = {End-To-End Solutions for Large Enterprises},
  year = 2021,
  url = {https://www.flir.eu/security/large-enterprises},
  urldate = {2021-8-21}
}

@online{dht11,
  author = {Adafruit},
  title = {DHT11 basic temperature-humidity sensor + extras},
  year = 2021,
  url = {https://www.adafruit.com/product/386},
  urldate = {2021-8-24}
}
@online{esp32wroverboard,
  author = {LILYGO},
  title = {LILYGOÂ® TTGO T7 V1.4 Mini32 ESP32-WROVER-B PSRAM Wi-Fi Bluetooth Module Development Board},
  year = 2021,
  url = {http://www.lilygo.cn/prod_view.aspx?TypeId=50033&Id=978&FId=t3:50033:3},
  urldate = {2021-8-24}
}
@online{esp32freertos,
  author = {Espressif},
  title = {ESP32 FreeRTOS API Reference},
  year = 2021,
  url = {https://docs.espressif.com/projects/esp-idf/en/latest/esp32/api-reference/system/freertos.html},
  urldate = {2021-8-24}
}

@online{esp32datasheet,
  author = {Espressif},
  title = {ESP32 Series Datasheet},
  year = 2021,
  url = {https://www.espressif.com/sites/default/files/documentation/esp32_datasheet_en.pdf},
  urldate = {2021-10-5}
}

@online{xtensa,
  author = {Cadence Design Systems, Inc.},
  title = {Tensilica Customizable Processors},
  year = 2021,
  url = {https://ip.cadence.com/ipportfolio/tensilica-ip/xtensa-customizable},
  urldate = {2021-8-24}
}

@online{nodered,
  author = {Node-Red Committee},
  title = {Node-RED Low-code programming for event-driven applications},
  year = 2021,
  url = {https://nodered.org/},
  urldate = {2021-8-24}
}
@online{summedareatableimage,
  author = {MATLAB},
  title = {Calculate 2-D integral image},
  year = 2021,
  url = {https://www.mathworks.com/help/images/ref/integralimage.html},
  urldate = {2021-8-28}
}
