%高屋建瓴地论述门框追踪系统所需要达到的功能
@article{griffiths2017empirical,
  title={An empirical design space analysis of doorway tracking systems for real-world environments},
  author={Griffiths, Erin and Kalyanaraman, Avinash and Ranjan, Juhi and Whitehouse, Kamin},
  journal={ACM Transactions on Sensor Networks (TOSN)},
  volume={13},
  number={4},
  pages={1--34},
  year={2017},
  publisher={ACM New York, NY, USA}
}
%
@article{humansense2010survey,
  title={A survey of human-sensing: Methods for detecting presence, count, location, track, and identity},
  author={Teixeira, Thiago and Dublon, Gershon and Savvides, Andreas},
  journal={ACM Computing Surveys},
  volume={5},
  number={1},
  pages={59--69},
  year={2010}
}
@inproceedings{CO2,
author = {Wilhelm, Sebastian and Jakob, Dietmar and Ahrens, Diane},
year = {2020},
month = {09},
pages = {},
title = {Human Presence Detection by monitoring the indoor CO2 concentration},
doi = {10.1145/3404983.3409991}
}
@inproceedings{privacyconcerns,
  title={Exploring privacy concerns about personal sensing},
  author={Klasnja, Predrag and Consolvo, Sunny and Choudhury, Tanzeem and Beckwith, Richard and Hightower, Jeffrey},
  booktitle={International Conference on Pervasive Computing},
  pages={176--183},
  year={2009},
  organization={Springer}
}
@inproceedings{Wifi,
  title={Sentinel: occupancy based HVAC actuation using existing WiFi infrastructure within commercial buildings},
  author={Balaji, Bharathan and Xu, Jian and Nwokafor, Anthony and Gupta, Rajesh and Agarwal, Yuvraj},
  booktitle={Proceedings of the 11th ACM Conference on Embedded Networked Sensor Systems},
  pages={1--14},
  year={2013}
}
@article{RFID,
  title={Measuring and monitoring occupancy with an RFID based system for demand-driven HVAC operations},
  author={Li, Nan and Calis, Gulben and Becerik-Gerber, Burcin},
  journal={Automation in construction},
  volume={24},
  pages={89--99},
  year={2012},
  publisher={Elsevier}
}
@inproceedings{ultrasonic2012doorjamb,
  title={Doorjamb: unobtrusive room-level tracking of people in homes using doorway sensors},
  author={Hnat, Timothy W and Griffiths, Erin and Dawson, Ray and Whitehouse, Kamin},
  booktitle={Proceedings of the 10th ACM Conference on Embedded Network Sensor Systems},
  pages={309--322},
  year={2012}
}

@article{microphone,
  title={Acoustic sensor based recognition of human activity in everyday life for smart home services},
  author={Sim, Jae Mun and Lee, Yonnim and Kwon, Ohbyung},
  journal={International Journal of Distributed Sensor Networks},
  volume={11},
  number={9},
  pages={679123},
  year={2015},
  publisher={SAGE Publications Sage UK: London, England}
}
